@article {Lustig07,
    author = {Lustig, Michael and Donoho, David and Pauly, John M.},
    title = {Sparse MRI: The application of compressed sensing for rapid MR imaging},
    journal = {Magnetic Resonance in Medicine},
    volume = {58},
    number = {6},
    publisher = {Wiley Subscription Services, Inc., A Wiley Company},
    issn = {1522-2594},
    url = {http://dx.doi.org/10.1002/mrm.21391},
    doi = {10.1002/mrm.21391},
    pages = {1182--1195},
    keywords = {compressed sensing, compressive sampling, random sampling, rapid     MRI, sparsity, sparse reconstruction, nonlinear reconstruction},
    year = {2007},
}

@article{Emery09,
  title={Management of MRI wait lists in Canada},
  author={Emery, Derek J and Forster, Alan J and Shojania, Kaveh G and Magnan, Stephanie and Tubman, Michelle and Feasby, Thomas E},
  journal={HealthCare Policy},
  volume={4},
  number={3},
  year={2009}
}

@article{Stein05,
  title={Making the best use of radiological resources in Canada.},
  author={Stein, Lawrence A},
  journal={Healthcare Papers},
  volume={6},
  number={1},
  pages={18--23},
  year={2004}
}